@misc{gettier,
  author       = {Gettier, Edmund L.},
  booktitle    = {Analytische Philosophie der Erkenntnis },
  editor       = {Bieri, Peter},
  pages        = {91--93},
  publisher    = {Athenäum},
  title        = {{Ist gerechtfertigte, wahre Meinung Wissen?}},
  volume       = {13},
  year         = {1987},
}

@misc{gettier1,
  title = {Kapitel 3: Mögliche {A}ntworten auf {G}ettier},
  howpublished = {\url{http://www.uni-bielefeld.de/philosophie/personen/beckermann/Erkth03.pdf}},
}

@misc{gettier2,
  title = {{Phil-AD 240. Epistemology, The Gettier Problem}},
  howpublished = {\url{http://www.uni-bielefeld.de/philosophie/personen/beckermann/Erkth03.pdf}},
}

@article{putnam,
	pages = {131--193},
	volume = {7},
	journal = {Minnesota Studies in the Philosophy of Science},
	publisher = {University of Minnesota Press},
	title = {The Meaning of 'Meaning'},
	author = {Hilary Putnam},
	year = {1975}
}
